<?xml version="1.0" encoding="UTF-8"?><collection xmlns="http://www.loc.gov/MARC21/slim"><record><leader>00404nam--2200133-i-4500</leader><controlfield tag="001">000046151</controlfield><controlfield tag="002">20161230</controlfield><controlfield tag="005">20161230201045</controlfield><controlfield tag="008">060222s1000------------r-----000-0-eng-d</controlfield><datafield ind1=" " ind2=" " tag="080"><subfield code="a">621.039.5(043)</subfield></datafield><datafield ind1=" " ind2=" " tag="100"><subfield code="a">Vsiliu,George D</subfield></datafield><datafield ind1=" " ind2=" " tag="245"><subfield code="a">Contributii la evaluarea datelor neutronice ale actinidelor par-pare in domeniul termic si de rezonanta. teza</subfield></datafield><datafield ind1=" " ind2=" " tag="260"><subfield code="a">Bucuresti, Icf, 1984. 110 P</subfield></datafield><datafield ind1=" " ind2=" " tag="852"><subfield code="a">72080</subfield></datafield></record></collection>